@inproceedings{simclr,
  author={Ting Chen and Simon Kornblith and Mohammad Norouzi and Geoffrey Hinton},
  title={A Simple Framework for Contrastive Learning of Visual Representations},
  booktitle={37th International Conference on Machine Learning (ICML)},
  publisher={PMLR},
  volume={119},
  pages={1597--1607},
  year={2020},
}

@inproceedings{rotation,
    author={Spyros Gidaris and Praveer Singh and Nikos Komodakis},
    title={Unsupervised Representation Learning by Predicting Image Rotations},
    booktitle={International Conference on Learning \linebreak Representations (ICLR)},
    year={2018},
}

@inproceedings{jigsaw,
  author={Mehdi Noroozi and Paolo Favaro},
  title={Unsupervised Learning of Visual Representations by Solving Jigsaw Puzzles},
  year={2016},
  pages={69--84},
  booktitle={European Conference on Computer Vision (ECCV)},
}

@inproceedings{colorization,
  author={Richard Zhang and Phillip Isola and Alexei A. Efros},
  title={Colorful Image Colorization},
  year={2016},
  pages={649--666},
  booktitle={European Conference on Computer Vision (ECCV)},
}

@inproceedings{imagenet,
  author={Olga Russakovsky and Jia Deng and Hao Su and Jonathan Krause and Sanjeev Satheesh and Sean Ma and Zhiheng Huang and Andrej Karpathy and Aditya Khosla and Michael Bernstein and Alexander C. Berg and Li Fei-Fei},
  title={ImageNet Large Scale Visual Recognition Challenge},
  year={2015},
  pages={211--252},
  booktitle={International Journal of Computer Vision (IJCV)},
}

@inproceedings{moco,
  author={Kaiming He and Haoqi Fan and Yuxin Wu and Saining Xie and Ross Girshick},
  title={Momentum Contrast for Unsupervised Visual Representation Learning},
  year={2020},
  booktitle={IEEE/CVF Conference on Computer Vision and Pattern \linebreak Recognition (CVPR)},
}

@inproceedings{dilo,
  author={Nanxuan Zhao and Zhirong Wu and Rynson W.H. Lau and Stephen Lin},
  title={Distilling Localization for Self-Supervised Representation Learning},
  year={2021},
  booktitle={AAAI Conference on Artificial Intelligence},
}

@inproceedings{randlabels,
  author={Chiyuan Zhang and Samy Bengio and Moritz Hardt and Benjamin Recht and Oriol Vinyals},
  title={Understanding deep learning requires rethinking generalization},
  year={2017},
  booktitle={International Conference on Learning Representations (ICLR)},
}

@inproceedings{contrastive,
  author={Zhirong Wu and Yuanjun Xiong and Stella Yu and Dahua Lin},
  title={Unsupervised Feature Learning via Non-Parametric Instance-level \linebreak Discrimination},
  year={2018},
  booktitle={IEEE Conference on Computer Vision and Pattern Recognition (CVPR)},
}

@inproceedings{surrogate,
  author={Dosovitskiy, Alexey and Springenberg, Jost Tobias and Riedmiller, Martin and Brox, Thomas},
  title={Discriminative Unsupervised Feature Learning with Exemplar Convolutional Neural Networks},
  volume = {27},
  year = {2014},
  booktitle={Neural Information Processing Systems},
}

@inproceedings{randlabels2,
  author={Maennel, Hartmut and Alabdulmohsin, Ibrahim M and Tolstikhin, Ilya O and Baldock, Robert and Bousquet, Olivier and Gelly, Sylvain and Keysers, Daniel},
  title={What Do Neural Networks Learn When Trained With Random Labels?},
  year = {2020},
  volume = {33},
  pages = {19693--19704},
  booktitle={Neural Information Processing Systems},
}

@article{randlabels3,
  author={Vinaychandran Pondenkandath and Michele Alberti and Sammer Puran and Rolf Ingold and Marcus Liwicki},
  title={Leveraging Random Label Memorization for Unsupervised Pre-Training},
  journal={CoRR},
  volume={abs/1811.01640},
  archivePrefix={arXiv},
  eprint={1811.01640},
  year={2018},
  url={http://arxiv.org/abs/1811.01640},
}

@inproceedings{memorization,
  author={Devansh Arpit and Stanis{\l}aw Jastrz{\k{e}}bski and Nicolas Ballas and David Krueger and Emmanuel Bengio and Maxinder S. Kanwal and Tegan Maharaj and Asja Fischer and Aaron Courville and Yoshua Bengio and Simon Lacoste-Julien},
  title={A Closer Look at Memorization in Deep Networks},
  year={2017},
  volume={70},
  pages={233--242},
  booktitle={34th International Conference on Machine Learning (ICML)},
}

@inproceedings{spectralbias,
  title={On the Spectral Bias of Neural Networks},
  author={Rahaman, Nasim and Baratin, Aristide and Arpit, Devansh and Draxler, Felix and Lin, Min and Hamprecht, Fred and Bengio, Yoshua and Courville, Aaron},
  booktitle={36th International Conference on Machine Learning (ICML)},
  pages={5301--5310},
  year={2019},
  volume={97},
  publisher={PMLR}
}

@article{frequency,
  author={Zhi-Qin J. Xu and Yaoyu Zhang and Yanyang Xiao},
  title={Training behavior of deep neural network in frequency domain},
  journal={CoRR},
  volume={abs/1807.01251},
  year={2018},
  url={http://arxiv.org/abs/1807.01251},
  archivePrefix={arXiv},
  eprint={1807.01251},
}

@inproceedings{ntk,
  author={Jacot, Arthur and Gabriel, Franck and Hongler, Clement},
  booktitle={Neural Information Processing Systems},
  title={Neural Tangent Kernel: Convergence and Generalization in Neural Networks},
  volume={31},
  year={2018}
}

@inproceedings{freqbias,
  title={Frequency Bias in Neural Networks for Input of Non-Uniform Density},
  author={Basri, Ronen and Galun, Meirav and Geifman, Amnon and Jacobs, David and Kasten, Yoni and Kritchman, Shira},
  booktitle={37th International Conference on Machine Learning (ICML)},
  pages={685--694},
  year={2020},
  volume={119},
  publisher={PMLR},
}

@article{selfadaptive,
  author={Lang Huang and Chao Zhang and Hongyang Zhang},
  title={Self-Adaptive Training: Bridging the \linebreak Supervised and Self-Supervised Learning},
  journal={CoRR},
  volume={\linebreak abs/2101.08732},
  year={2021},
  url={https://arxiv.org/abs/2101.08732},
  archivePrefix={arXiv},
  eprint={2101.08732},
}

@inproceedings{resnet,
  author={He, Kaiming and Zhang, Xiangyu and Ren, Shaoqing and Sun, Jian},
  booktitle={IEEE Conference on Computer Vision and Pattern Recognition (CVPR)}, 
  title={Deep Residual Learning for Image Recognition}, 
  year={2016},
  pages={770--778},
}

@article{cifar,
  author={Alex Krizhevsky},
  title={Learning Multiple Layers of Features from Tiny Images},
  year={2009}
}

@article{visual,
  author={Erhan, Dumitru and Bengio, Y. and Courville, Aaron and Vincent, Pascal},
  year={2009},
  title={Visualizing Higher-Layer Features of a Deep Network},
  journal={Technical Report, Univeristé de Montréal}
}

@article{tsne,
  author={van der Maaten, Laurens and Hinton, Geoffrey},
  journal={Journal of Machine Learning Research},
  pages={2579--2605},
  title={Visualizing Data using {t-SNE}},
  volume={9},
  year={2008}
}

@book{kl,
  author={John Duchi},
  title={Derivations for Linear Algebra and Optimization},
  pages={13},
  url={https://stanford.edu/~jduchi/projects/general_notes.pdf}
}

@book{chisquare,
  author={Lowry, Richard},
  title={Concepts and Applications of Inferential Statistics},
  chapter={8},
  url={https://web.archive.org/web/20171022032306/http://vassarstats.net:80/textbook/ch8pt1.html}
}

@inproceedings{cityscapes,
  title={The Cityscapes Dataset for Semantic Urban Scene Understanding},
  author={Cordts, Marius and Omran, Mohamed and Ramos, Sebastian and Rehfeld, Timo and Enzweiler, Markus and Benenson, Rodrigo and Franke, Uwe and Roth, Stefan and Schiele, Bernt},
  booktitle={IEEE Conference on Computer Vision and Pattern \linebreak Recognition (CVPR)},
  year={2016}
}

@inproceedings{pascalvoc,
  title={The Pascal Visual Object Classes Challenge: A Retrospective \linebreak},
  author={Everingham, Mark and Eslami, S. M. Ali and Van Gool, Luc and Williams, Christopher K. I. and Winn, John and Zisserman, Andrew},
  year={2015},
  volume={111},
  booktitle={International Journal of Computer Vision (IJCV)},
  pages={98--136}
}

@inproceedings{coco,
  title={Microsoft COCO: Common Objects in Context}, 
  author={Tsung-Yi Lin and Michael Maire and Serge Belongie and Lubomir Bourdev and Ross Girshick and James Hays and Pietro Perona and Deva Ramanan and C. Lawrence Zitnick and Piotr Dollár},
  year={2015},
  booktitle={\linebreak European Conference on Computer Vision (ECCV)},
  pages={740--755}
}

@inproceedings{byol,
 author={Grill, Jean-Bastien and Strub, Florian and Altch\'{e}, Florent and Tallec, Corentin and Richemond, Pierre and Buchatskaya, Elena and Doersch, Carl and Avila Pires, Bernardo and Guo, Zhaohan and Gheshlaghi Azar, Mohammad and Piot, Bilal and kavukcuoglu, koray and Munos, Remi and Valko, Michal},
 booktitle={Neural Information Processing Systems},
 pages={21271--21284},
 title={Bootstrap Your Own Latent - A New Approach to Self-Supervised Learning},
 volume={33},
 year={2020}
}

@article{simsiam,
  author={Xinlei Chen and Kaiming He},
  title={Exploring Simple Siamese Representation Learning},
  journal={CoRR},
  volume={abs/2011.10566},
  year={2020},
  url={https://arxiv.org/abs/2011.10566},
  archivePrefix={arXiv},
  eprint={2011.10566},
}

@inproceedings{adam,
  author={Diederik P. Kingma and Jimmy Ba},
  title={Adam: A Method for Stochastic Optimization},
  booktitle={International Conference on Learning Representations (ICLR)},
  year={2015}
}

@inproceedings{cosine,
  author={Ilya Loshchilov and Frank Hutter},
  title={SGDR: Stochastic Gradient Descent with Warm Restarts},
  booktitle={International Conference on Learning Representations (ICLR)},
  year={2017}
}

@misc{simclrrepo,
  author={Thalles Silva and others},
  title={PyTorch SimCLR: A Simple Framework for Contrastive Learning of Visual Representations},
  url={https://github.com/sthalles/SimCLR},
  journal={GitHub repository},
  publisher={GitHub},
  year={2021}
}

@inproceedings{pytorch,
  title={Automatic differentiation in PyTorch},
  author={Paszke, Adam and Gross, Sam and Chintala, Soumith and Chanan, Gregory and Yang, Edward and DeVito, Zachary and Lin, Zeming and Desmaison, Alban and Antiga, Luca and Lerer, Adam},
  year={2017},
  booktitle={Neural \linebreak Information Processing Systems Autodiff Workshop}
}
